

@ARTICLE{Hordijk2005-dl,
title = "Improving the efficiency of {SPR} moves in phylogenetic tree search methods based on maximum likelihood",
author = "Hordijk, Wim and Gascuel, Olivier",
affiliation = "Projet M\'{e}thodes et Algorithmes pour la Bioinformatique, LIRMM, UMR CNRS 5506, Universit\'{e} Montpellier 2 161 rue Ada, 34392 Montpellier, France. wim@santafe.edu",
journal = "Bioinformatics",
publisher = "Oxford Univ Press",
volume =  21,
number =  24,
pages = "4338--4347",
month =  "15~" # dec,
year =  2005,
url = "http://dx.doi.org/10.1093/bioinformatics/bti713",
issn = "1367-4803",
pmid = "16234323",
doi = "10.1093/bioinformatics/bti713"
}

@ARTICLE{Rogers1999-qw,
title = "Multiple local maxima for likelihoods of phylogenetic trees: a simulation study",
author = "Rogers, J S and Swofford, D L",
journal = "Mol. Biol. Evol.",
volume =  16,
number =  8,
pages = "1079--1085",
month =  "1~" # aug,
year =  1999,
url = "http://mbe.oxfordjournals.org/content/16/8/1079.abstract",
issn = "0737-4038"
}

@ARTICLE{Hordijk2005-dl,
title = "Improving the efficiency of {SPR} moves in phylogenetic tree search methods based on maximum likelihood",
author = "Hordijk, Wim and Gascuel, Olivier",
affiliation = "Projet M\'{e}thodes et Algorithmes pour la Bioinformatique, LIRMM, UMR CNRS 5506, Universit\'{e} Montpellier 2 161 rue Ada, 34392 Montpellier, France. wim@santafe.edu",
journal = "Bioinformatics",
publisher = "Oxford Univ Press",
volume =  21,
number =  24,
pages = "4338--4347",
month =  "15~" # dec,
year =  2005,
url = "http://dx.doi.org/10.1093/bioinformatics/bti713",
issn = "1367-4803",
pmid = "16234323",
doi = "10.1093/bioinformatics/bti713"
}

@ARTICLE{Whidden2015-yi,
title = "Quantifying {MCMC} exploration of phylogenetic tree space",
author = "Whidden, Chris and Matsen, 4th, Frederick A",
affiliation = "Program in Computational Biology, Fred Hutchinson Cancer Research Center, Seattle, WA, 98109, USA cwhidden@fhcrc.org. Program in Computational Biology, Fred Hutchinson Cancer Research Center, Seattle, WA, 98109, USA.",
journal = "Syst. Biol.",
month =  "27~" # jan,
year =  2015,
url = "http://dx.doi.org/10.1093/sysbio/syv006",
keywords = "Markov chain Monte Carlo; phylogenetic methods; subtree prune-and-regraft; topological peaks; tree space",
issn = "1063-5157, 1076-836X",
pmid = "25631175",
doi = "10.1093/sysbio/syv006"
}

@ARTICLE{Mossel2006-fo,
title = "Limitations of Markov Chain Monte Carlo Algorithms for Bayesian Inference of Phylogeny",
author = "Mossel, Elchanan and Vigoda, Eric",
journal = "Ann. Appl. Probab.",
publisher = "Institute of Mathematical Statistics",
volume =  16,
number =  4,
pages = "2215--2234",
month =  "1~" # nov,
year =  2006,
url = "http://www.jstor.org/stable/25449847",
issn = "1050-5164",
doi = "10.2307/25449847"
}

@ARTICLE{Bryant2004-cw,
title = "The splits in the neighborhood of a tree",
author = "Bryant, David",
journal = "Ann. Comb.",
publisher = "Springer",
volume =  8,
number =  1,
pages = "1--11",
year =  2004,
url = "http://link.springer.com/article/10.1007/s00026-004-0200-z",
issn = "0218-0006"
}

@ARTICLE{Stefankovic2011-hu,
title = "Fast Convergence of Markov Chain Monte Carlo Algorithms for Phylogenetic Reconstruction with Homogeneous Data on Closely Related Species",
author = "\v{S}tefankovi\v{c}, D and Vigoda, E",
journal = "SIAM J. Discrete Math.",
volume =  25,
number =  3,
pages = "1194--1211",
year =  2011,
url = "http://dx.doi.org/10.1137/100790550",
annote = "Note that they actually consider a MC where the likelihood of a (discrete) tree is the maximum likelihood across branch lengths.",
eprint = "http://dx.doi.org/10.1137/100790550",
doi = "10.1137/100790550"
}

@ARTICLE{Ronquist2006-fv,
title = "Comment on ``Phylogenetic {MCMC} algorithms are misleading on mixtures of trees''",
author = "Ronquist, Fredrik and Larget, Bret and Huelsenbeck, John P and Kadane, Joseph B and Simon, Donald and van der Mark, Paul",
affiliation = "School of Computational Science, Florida State University, Tallahassee, FL 32306-4120, USA. ronquist@scs.fsu.edu",
journal = "Science",
volume =  312,
number =  5772,
pages = "367; author reply 367",
month =  "21~" # apr,
year =  2006,
url = "http://dx.doi.org/10.1126/science.1123622",
issn = "0036-8075",
pmid = "16627724",
doi = "10.1126/science.1123622"
}

@ARTICLE{Mossel2005-ly,
title = "Phylogenetic {MCMC} algorithms are misleading on mixtures of trees",
author = "Mossel, Elchanan and Vigoda, Eric",
affiliation = "Department of Statistics, University of California at Berkeley, Berkeley, CA 94720, USA. mossel@stat.berkeley.edu.",
journal = "Science",
volume =  309,
number =  5744,
pages = "2207--2209",
month =  "30~" # sep,
year =  2005,
url = "http://dx.doi.org/10.1126/science.1115493",
issn = "0036-8075",
pmid = "16195459",
doi = "10.1126/science.1115493"
}

@ARTICLE{Song2003-gf,
title = "On the Combinatorics of Rooted Binary Phylogenetic Trees",
author = "Song, Yun S",
journal = "Ann. Comb.",
publisher = "Birkh{\"{a}}user-Verlag",
volume =  7,
number =  3,
pages = "365--379",
month =  "1~" # dec,
year =  2003,
url = "http://dx.doi.org/10.1007/s00026-003-0192-0",
issn = "0218-0006, 0219-3094",
doi = "10.1007/s00026-003-0192-0"
}

@ARTICLE{Song2006-xe,
title = "Properties of {Subtree-Prune-and-Regraft} Operations on {Totally-Ordered} Phylogenetic Trees",
author = "Song, Yun S",
journal = "Ann. Comb.",
publisher = "Birkh{\"{a}}user-Verlag",
volume =  10,
number =  1,
pages = "147--163",
month =  "1~" # jun,
year =  2006,
url = "http://link.springer.com/article/10.1007/s00026-006-0279-5",
issn = "0218-0006, 0219-3094",
doi = "10.1007/s00026-006-0279-5"
}

@ARTICLE{Athreya2014-de,
title = "Invariance principle for variable speed random walks on trees",
author = "Athreya, Siva and L{\"{o}}hr, Wolfgang and Winter, Anita",
month =  "24~" # apr,
year =  2014,
url = "http://arxiv.org/abs/1404.6290",
archivePrefix = "arXiv",
eprint = "1404.6290",
primaryClass = "math.PR",
arxivid = "1404.6290"
}

@ARTICLE{Aldous2000-vg,
title = "Mixing Time for a Markov Chain on Cladograms",
author = "Aldous, David J",
journal = "Comb. Probab. Comput.",
publisher = "Cambridge University Press",
volume =  9,
number =  03,
pages = "191--204",
month =  "1~" # may,
year =  2000,
url = "http://journals.cambridge.org/abstract_S096354830000417X",
issn = "1469-2163, 1469-2163"
}

@ARTICLE{Diaconis1998-gn,
title = "Matchings and phylogenetic trees",
author = "Diaconis, P W and Holmes, S P",
affiliation = "Department of Mathematics, Sequoia Hall, Stanford University, Stanford, CA 94305-4065, USA.",
journal = "Proc. Natl. Acad. Sci. U. S. A.",
publisher = "National Acad Sciences",
volume =  95,
number =  25,
pages = "14600--14602",
month =  "8~" # dec,
year =  1998,
url = "http://www.ncbi.nlm.nih.gov/pubmed/9843935",
issn = "0027-8424",
pmid = "9843935",
pmc = "PMC24495"
}

@ARTICLE{Diaconis2002-gy,
title = "Random walks on trees and matchings",
author = "Diaconis, P and Holmes, S",
journal = "Electronic Journal of Probability",
publisher = "emis.ams.org",
volume =  7,
number =  6,
pages = "1--17",
year =  2002,
url = "http://www.emis.ams.org/journals/EJP-ECP/_ejpecp/include/EJP-2002-1307eb37.pdf?id=2856&article=1307&mode=pdf"
}

@ARTICLE{Evans2006-xh,
title = "Subtree prune and regraft: A reversible real tree-valued Markov process",
author = "Evans, Steven N and Winter, Anita",
journal = "Ann. Probab.",
publisher = "Institute of Mathematical Statistics",
volume =  34,
number =  3,
pages = "918--961",
month =  may,
year =  2006,
url = "http://projecteuclid.org/euclid.aop/1151418488",
keywords = "Dirichlet form; continuum random tree; Brownian excursion; phylogenetic tree; Markov chain Monte Carlo; simulated annealing; path decomposition; excursion theory; Gromov--Hausdorff metric; Prohorov metric",
issn = "0091-1798, 2168-894X"
}

@ARTICLE{Gusfield2002-il,
title = "Partition-distance: A problem and class of perfect graphs arising in clustering",
author = "Gusfield, Dan",
journal = "Inf. Process. Lett.",
volume =  82,
number =  3,
pages = "159--164",
month =  "16~" # may,
year =  2002,
url = "http://www.sciencedirect.com/science/article/pii/S0020019001002630",
keywords = "Partitioning; Clustering; Assignment problem; Node cover; Perfect graph; Genetics; Graph algorithms; Combinatorial problems",
issn = "0020-0190",
doi = "10.1016/S0020-0190(01)00263-0"
}

@ARTICLE{Joulin2010-jg,
title = "Curvature, concentration and error estimates for Markov chain Monte Carlo",
author = "Joulin, Ald\'{e}ric and Ollivier, Yann",
journal = "Ann. Probab.",
publisher = "Institute of Mathematical Statistics",
volume =  38,
number =  6,
pages = "2418--2442",
month =  nov,
year =  2010,
url = "http://projecteuclid.org/euclid.aop/1285334210",
keywords = "Markov chain Monte Carlo; concentration of measure; Ricci curvature; Wasserstein distance",
issn = "0091-1798, 2168-894X"
}

@ARTICLE{Ollivier2009-bw,
title = "Ricci curvature of Markov chains on metric spaces",
author = "Ollivier, Yann",
journal = "J. Funct. Anal.",
volume =  256,
number =  3,
pages = "810--864",
month =  "1~" # feb,
year =  2009,
url = "http://dx.doi.org/10.1016/j.jfa.2008.11.001",
keywords = "Ricci curvature; Markov chains; Metric geometry; Concentration of measure",
issn = "0022-1236",
doi = "10.1016/j.jfa.2008.11.001"
}

@ARTICLE{Ding2011-bj,
title = "On agreement forests",
author = "Ding, Yang and Gr{\"{u}}newald, Stefan and Humphries, Peter J",
journal = "J. Combin. Theory Ser. A",
volume =  118,
number =  7,
pages = "2059--2065",
month =  oct,
year =  2011,
url = "http://www.sciencedirect.com/science/article/pii/S0097316511000811",
keywords = "Agreement forest; Tree rearrangement; TBR; SPR; Phylogenetic tree",
issn = "0097-3165",
doi = "10.1016/j.jcta.2011.04.013"
}

